<record><leader>00000cas a22000007a 4500</leader><controlfield tag="001">11601986</controlfield><controlfield tag="008">850121d1819182unjuwr ne      0    0eng d</controlfield><datafield ind1=" " ind2=" " tag="010"><subfield code="a">sn 85025204 </subfield></datafield><datafield ind1=" " ind2=" " tag="040"><subfield code="a">NPX</subfield><subfield code="b">eng</subfield><subfield code="c">NPX</subfield><subfield code="d">NPA</subfield><subfield code="d">OCLCQ</subfield></datafield><datafield ind1=" " ind2=" " tag="042"><subfield code="a">msc</subfield></datafield><datafield ind1="0" ind2="0" tag="245"><subfield code="a">New-Jersey gazette, and Perth-Amboy commercial advertiser.</subfield></datafield><datafield ind1="1" ind2="3" tag="246"><subfield code="a">New-Jersey gazette, &amp; c</subfield></datafield><datafield ind1="3" ind2="0" tag="246"><subfield code="a">New Jersey gazette</subfield></datafield><datafield ind1=" " ind2=" " tag="260"><subfield code="a">Perth Amboy, N.J. :</subfield><subfield code="b">J.T. Murden &amp; Co.,</subfield><subfield code="c">1819-</subfield></datafield><datafield ind1=" " ind2=" " tag="300"><subfield code="a">v.</subfield></datafield><datafield ind1=" " ind2=" " tag="310"><subfield code="a">Weekly</subfield></datafield><datafield ind1="1" ind2=" " tag="362"><subfield code="a">No. 1 (Feb. 4, 1819)-</subfield></datafield><datafield ind1=" " ind2=" " tag="500"><subfield code="a">Last issue located: July 27, 1820. Cf. Brigham, C.S. Amer. newspapers.</subfield></datafield><datafield ind1=" " ind2=" " tag="500"><subfield code="a">References: Shaw &amp; Shoemaker 48871; Brigham, C.S. Amer. newspapers, p. 515.</subfield></datafield><datafield ind1="1" ind2=" " tag="700"><subfield code="a">Murden, Joseph T.,</subfield><subfield code="d">1791?-1828.</subfield></datafield><datafield ind1=" " ind2=" " tag="752"><subfield code="a">United States</subfield><subfield code="b">New Jersey</subfield><subfield code="c">Middlesex</subfield><subfield code="d">Perth Amboy.</subfield></datafield><datafield ind1="1" ind2=" " tag="029"><subfield code="a">AU@</subfield><subfield code="b">000025818126</subfield></datafield></record>